<record><leader>01965nam a22005178i 4500</leader><controlfield tag="001">6736152</controlfield><controlfield tag="005">20141022072552.0</controlfield><controlfield tag="006">m     o  d        </controlfield><controlfield tag="007">cr cnu---unuuu</controlfield><controlfield tag="008">140829s2015    iau     o     001 0 eng  </controlfield><datafield ind1=" " ind2=" " tag="010"><subfield code="a">  2014035009</subfield></datafield><datafield ind1=" " ind2=" " tag="020"><subfield code="a">9781118811016</subfield><subfield code="q">electronic bk.</subfield></datafield><datafield ind1=" " ind2=" " tag="020"><subfield code="a">1118811011</subfield><subfield code="q">electronic bk.</subfield></datafield><datafield ind1=" " ind2=" " tag="020"><subfield code="z">9781118811160</subfield></datafield><datafield ind1=" " ind2=" " tag="020"><subfield code="z">111881116X</subfield></datafield><datafield ind1=" " ind2=" " tag="020"><subfield code="z">9781118555521 (pbk.)</subfield></datafield><datafield ind1=" " ind2=" " tag="039"><subfield code="a">exclude</subfield></datafield><datafield ind1=" " ind2=" " tag="040"><subfield code="a">DLC</subfield><subfield code="b">eng</subfield><subfield code="c">DLC</subfield><subfield code="d">OCLCO</subfield><subfield code="d">N$T</subfield><subfield code="d">AEU</subfield></datafield><datafield ind1=" " ind2=" " tag="042"><subfield code="a">pcc</subfield></datafield><datafield ind1="1" ind2="0" tag="050"><subfield code="a">SF910.P34</subfield></datafield><datafield ind1="1" ind2="0" tag="060"><subfield code="a">SF 910.P34</subfield></datafield><datafield ind1=" " ind2="7" tag="072"><subfield code="a">TEC</subfield><subfield code="x">003020</subfield><subfield code="2">bisacsh</subfield></datafield><datafield ind1="0" ind2="0" tag="082"><subfield code="a">636.089/51</subfield><subfield code="2">23</subfield></datafield><datafield ind1=" " ind2=" " tag="090"><subfield code="a">Internet Access</subfield><subfield code="b">AVC</subfield></datafield><datafield ind1=" " ind2=" " tag="090"><subfield code="a">Internet Access</subfield><subfield code="b">AOAC</subfield></datafield><datafield ind1="0" ind2="0" tag="245"><subfield code="a">Pain management for veterinary technicians and nurses</subfield><subfield code="h">[electronic resource] /</subfield><subfield code="c">editor, Mary Ellen Goldberg, Nancy Shaffran.</subfield></datafield><datafield ind1=" " ind2="1" tag="264"><subfield code="a">Ames, Iowa :</subfield><subfield code="b">John Wiley &amp; Sons, Inc.,</subfield><subfield code="c">2015.</subfield></datafield><datafield ind1=" " ind2=" " tag="300"><subfield code="a">1 online resource.</subfield></datafield><datafield ind1=" " ind2=" " tag="336"><subfield code="a">text</subfield><subfield code="2">rdacontent</subfield></datafield><datafield ind1=" " ind2=" " tag="337"><subfield code="a">computer</subfield><subfield code="2">rdamedia</subfield></datafield><datafield ind1=" " ind2=" " tag="338"><subfield code="a">online resource</subfield><subfield code="2">rdacarrier</subfield></datafield><datafield ind1=" " ind2=" " tag="500"><subfield code="a">Includes index.</subfield></datafield><datafield ind1=" " ind2=" " tag="506"><subfield code="a">Access restricted to authorized users and institutions.</subfield></datafield><datafield ind1=" " ind2=" " tag="588"><subfield code="a">Description based on print version record and CIP data provided by publisher; resource not viewed.</subfield></datafield><datafield ind1=" " ind2=" " tag="596"><subfield code="a">33 61</subfield></datafield><datafield ind1=" " ind2="0" tag="650"><subfield code="a">Pain in animals</subfield><subfield code="x">Treatment.</subfield></datafield><datafield ind1=" " ind2="0" tag="650"><subfield code="a">Veterinary pharmacology.</subfield></datafield><datafield ind1=" " ind2="2" tag="650"><subfield code="a">Pain Management</subfield><subfield code="x">veterinary.</subfield></datafield><datafield ind1=" " ind2="2" tag="650"><subfield code="a">Animal Technicians.</subfield></datafield><datafield ind1=" " ind2="2" tag="650"><subfield code="a">Pain</subfield><subfield code="x">veterinary.</subfield></datafield><datafield ind1="1" ind2=" " tag="700"><subfield code="a">Goldberg, Mary Ellen,</subfield><subfield code="e">editor.</subfield></datafield><datafield ind1="1" ind2=" " tag="700"><subfield code="a">Shaffran, Nancy,</subfield><subfield code="e">editor.</subfield></datafield><datafield ind1="4" ind2="0" tag="856"><subfield code="3">Olds College Access</subfield><subfield code="u">http://search.ebscohost.com/login.aspx?direct=true&amp;scope=site&amp;db=nlebk&amp;db=nlabk&amp;AN=859925</subfield></datafield><datafield ind1=" " ind2=" " tag="949"><subfield code="h">UAIN</subfield><subfield code="m">OLDS</subfield><subfield code="z">NETLIBOLDS</subfield></datafield><datafield ind1=" " ind2=" " tag="926"><subfield code="a">Internet Access</subfield><subfield code="w">LC</subfield><subfield code="c">1</subfield><subfield code="i">6736152-1001</subfield><subfield code="l">INTERNET</subfield><subfield code="m">OLDS</subfield><subfield code="r">Y</subfield><subfield code="s">Y</subfield><subfield code="t">E-RESOURCE</subfield><subfield code="u">11/17/2014</subfield><subfield code="x">E-BOOK</subfield><subfield code="z">EBSCOOLDP</subfield></datafield><datafield ind1=" " ind2=" " tag="926"><subfield code="a">Interent Access</subfield><subfield code="w">ORDER</subfield><subfield code="c">1</subfield><subfield code="i">6736152-2001</subfield><subfield code="l">ON-ORDER</subfield><subfield code="m">LAKELND_IN</subfield><subfield code="r">Y</subfield><subfield code="s">Y</subfield><subfield code="t">E-RESOURCE</subfield><subfield code="u">2/24/2017</subfield><subfield code="z">EBSCOLL</subfield></datafield></record>